@book{novig95,
	author    = {Stuart Russel and Peter Novig},
	title     = {Artificial Intelligence {-} A Modern Approach},
	publisher = {Pearson Education},
	address   = {Upper Saddle River, New Jersey 07458},
	number   = {1},
	year      = {1995},
}

@book{wooldridge04,
	author    = {Michael Wooldridge},
	title     = {An Introduction to MultiAgent Systems},
	publisher = {John Wiley and Sons Ltd},
	address   = {Krst Sussex POI0 IlJD, England},
	number   = {1},
	year      = {2004}
}

@unpublished{parise11,
	author   = {Leone Parise Vieira da Silva e Rajiv Geeverghese},
	title  = {Implementação de uma Plataforma de Desenvolvimento de Sistema Multiagente com Abordagem Peer-to-Peer},
	month    = {Março},
	number   = {1},
	volume   = {01},
	note	 = {Acessado em 18/11/2011. Disponível em http://monografias.cic.unb.br/dspace/handle/123456789/316},
	year     = {2011}
}

%Essa bibliografia está completa!
@article{algirdas04,
	author    = {Algirdas Avizienis and Jean-Claude Laprie and Brian Randell and Carl Landwehr},
	title     = {Basic Concepts and Taxonomy of Dependable and Secure Computing},
	journal   = {IEEE Transactions On Dependable And Secure Computing},
	volume    = {1},
	number    = {1},
	year      = {2004},
	issn      = {1545-5971},
	pages     = {11--33},
	publisher = {IEEE Computer Society}
}

@article{hoffman08,
	author   = {Leah Hoffman},
	journal  = {Communications of the ACM},
	title    = {In Search of Dependable Design},
	doi      = {10.1145/1364782.1364788},
	month    = {Julho},
	number   = {7},
	pages    = {14--16},
	priority = {0},
	issn      = {1557-7317},
	url      = {http://mags.acm.org/communications/200807/?pg=16#pg17},
	volume   = {51},
	year     = {2008}
}

@unpublished{sarmento11,
	author   = {Carlos Vinícius Sarmento Silva},
	title    = {Agentes de Mineração e sua Aplicação no Domínio de Auditoria Governamental},
	month    = {Abril},
	number   = {1},
	pages    = {21},
	note      = {Acessado em 18/11/2011. Disponível em http://monografias.cic.unb.br/dspace/handle/123456789/318},
	year     = {2011}
}

@book{poole98,
	author    = {David Poole and Alan Mackworth and Randy Goebel},
	title     = {Computational Intelligence: A Logical Approach},
	publisher = {Oxford University Press},
	year      = {1998}
}

@article{rudiger02,
	author    = {Rudiger Schollmeier},
	title     = {A Definition of Peer-to-Peer Networking for the Classification of Peer-toPeer Architectures and Applications},
	journal   = {First International Conference on Peer-to-Peer Computin},
	volume    = {1},
	number    = {1},
	year      = {2002},
	issn      = {1545-5971},
	pages     = {1},
	publisher = {IEEE Computer Society}
}

@book{stevens93,
	author    = {William Richard Stevens},
	title     = {TCP/IP Illustrated, Volume 1: The Protocols},
	publisher = {Addison Wesley},
	year      = {1993}
}

@book{oram01,
	author    = {Andy Oram},
	title     = {Peer to Peer: Harnessing the Power of Disruptive Technologies},
	publisher = {Cambridghe: 0'Reilly \& Associates},
	number    = {1},
	year      = {2001},
	pages     = {19--28},
	chapter	  = {2}
}

@unpublished{stilling03,
	author    = {Thomas Stilling Ambus},
	title     = {Peer-to-Peer Routing for Persistent Storage},
	month     = {Julho},
	year      = {2003},
	note	  = {Acessado em 18/11/2011. Disponível em http://plan-x.org/projects/routing/\#paper}
}

@misc{welzi11,
    author = {Michael Welzi},
    title = {Peer to Peer Systems},
    note = {Acessado em 18/11/2011. Disponível em http://heim.ifi.uio.no/michawe/teaching/p2p-ws08/p2p-5-6.pdf}
}

@article{rowstron01,
	author =    {Antony Rowstron and Peter Druschel},
	title     = {Pastry: Scalable, decentralized object location and routing for large-scale peer-to-peer systems},
	journal   = {First International Conference on Peer-to-Peer Computin},
	volume    = {1},
	number    = {1},
	year      = {2001},
	pages     = {329--350},
	publisher = {IFIP/ACM International Conference on Distributed Systems Platforms}
}

@inproceedings{maymounkov02,
 author = {Petar Maymounkov and David Mazières},
 title = {Kademlia: A Peer-to-Peer Information System Based on the XOR Metric},
 booktitle = {Revised Papers from the First International Workshop on Peer-to-Peer Systems},
 series = {IPTPS '01},
 year = {2002},
 isbn = {3-540-44179-4},
 pages = {53--65},
 numpages = {13},
 url = {http://dl.acm.org/citation.cfm?id=646334.687801},
 acmid = {687801},
 publisher = {Springer-Verlag},
 address = {London, UK},
} 

@article{ian02,
 author = {Clarke, Ian and Miller, Scott G. and Hong, Theodore W. and Sandberg, Oskar and Wiley, Brandon},
 title = {Protecting Free Expression Online with Freenet},
 journal = {IEEE Internet Computing},
 volume = {6},
 issue = {1},
 month = {January},
 year = {2002},
 issn = {1089-7801},
 pages = {40--49},
 numpages = {10},
 url = {http://dl.acm.org/citation.cfm?id=613352.613669},
 doi = {10.1109/4236.978368},
 acmid = {613669},
 publisher = {IEEE Educational Activities Department},
 address = {Piscataway, NJ, USA},
}

@article{dovalScalable01,
 author = {Doval, Diego and O'Mahony, Donal},
 title = {Overlay Networks: A Scalable Alternative for P2P},
 journal = {IEEE Internet Computing},
 volume = {7},
 issue = {4},
 month = {July},
 year = {2003},
 issn = {1089-7801},
 pages = {79--82},
 numpages = {4},
 url = {http://dl.acm.org/citation.cfm?id=939827.939903},
 doi = {10.1109/MIC.2003.1215663},
 acmid = {939903},
 publisher = {IEEE Educational Activities Department},
 address = {Piscataway, NJ, USA},
} 

@article{stoica01,
 author = {Stoica, Ion and Morris, Robert and Karger, David and Kaashoek, M. Frans and Balakrishnan, Hari},
 title = {Chord: A scalable peer-to-peer lookup service for internet applications},
 journal = {SIGCOMM Comput. Commun. Rev.},
 issue_date = {October 2001},
 volume = {31},
 issue = {4},
 month = {August},
 year = {2001},
 issn = {0146-4833},
 pages = {149--160},
 numpages = {12},
 url = {http://doi.acm.org/10.1145/964723.383071},
 doi = {http://doi.acm.org/10.1145/964723.383071},
 acmid = {383071},
 publisher = {ACM},
 address = {New York, NY, USA},
}

@misc{observatorio,
    author = {Walter dos Santos Filho, Gisele Pappa},
    title = {Observatório da Web: Uma plataforma de monitoracão, síntese e visualizacão de eventos massivos em tempo real},
}

@inproceedings{walkerdine02,
    author = {James Walkerdine and Lee Melville and Ian Sommerville},
    title = {Dependability properties of p2p architectures},
    booktitle = {In Second Intl. Conf. on Peer-to-Peer Computing (P2P 2002},
    year = {2002},
    pages = {173--174},
    publisher = {IEEE Computer Society}
}

@book{sommerville95,
 author = {Sommerville, Ian},
 title = {Software engineering (5th ed.)},
 year = {1995},
 isbn = {0-201-42765-6},
 publisher = {Addison Wesley Longman Publishing Co., Inc.},
 address = {Redwood City, CA, USA},
}

@book{fowler04,
 author = {Fowler, Martin},
 title = {UML Distilled: A Brief Guide to the Standard Object Modeling Language},
 year = {2003},
 isbn = {0321193687},
 edition = {3},
 publisher = {Addison-Wesley Longman Publishing Co., Inc.},
 address = {Boston, MA, USA},
} 

@book{larman08,
  title={Utilizando UML e Padr{\~o}es},
  author={LARMAN, C.},
  year={2008},
  isbn={9788560031528},
  edition = {3},
  publisher={Bookman}
}

@misc{omg20,
  title = {Object Management Group},
  howpublished = {\url{http://www.omg.org/}},
  note = {Accessed: 05/01/2013}
}

@book{cockburn01,
  title={Writing effective use cases},
  author={Cockburn, A.},
  isbn={9780201702255},
  lccn={00040179},
  series={Agile software development series},
  url={http://books.google.com.br/books?id=VKJQAAAAMAAJ},
  year={2001},
  publisher={Addison-Wesley}
}

@book{austin62,
  address = {Cambridge, Mass.},
  author = {Austin, John L.},
  biburl = {http://www.bibsonomy.org/bibtex/254cf784d4d2028ebce945e5ff72939dd/bebboe},
  description = {HEIDI},
  interhash = {63fdb4ecfc0f5cf8546b4547a0bbdc68},
  intrahash = {54cf784d4d2028ebce945e5ff72939dd},
  keywords = {Sprechakttheorie acts language philosophy speech},
  language = {eng},
  pages = {VII, 166 S.},
  publisher = {Harvard U.P.},
  timestamp = {2009-04-08T10:46:38.000+0200},
  title = {How to do things with words},
  year = 1962
}

@book{verschueren09,
  title={Key Notions for Pragmatics},
  author={Verschueren, J. and {\"O}stman, J.O.},
  isbn={9789027207784},
  lccn={2009011566},
  series={Handbook of Pragmatics Highlights},
  url={http://books.google.com.br/books?id=Bl\_eNRNMco4C},
  year={2009},
  publisher={John Benjamins Publishing Company}
}

@book{searle69,
  title={Speech Acts: An Essay in the Philosophy of Language},
  author={Searle, J.R.},
  isbn={9780521096263},
  lccn={lc68024484},
  series={Cam: [Verschiedene Aufl.]},
  url={http://books.google.com.br/books?id=t3\_WhfknvF0C},
  year={1969},
  publisher={Cambridge University Press}
}

@misc{kse,
  title = {The Knowledge Sharing Effort},
  howpublished = {\url{http://www-ksl.stanford.edu/knowledge-sharing/papers/kse-overview.html}},
  note = {Accessed: 01/02/2013}
}

@article{preece1997,
  title={Knowledge query and manipulation language: A review},
  author={Preece, A.},
  journal={University of Aberdeen, Aberdeen, Tech. Rep},
  year={1997},
  publisher={Citeseer}
}

@misc{kifmanual,
    author = {Michael Genesereth and Richard E. Fikes and Ronald Brachman and Thomas Gruber and Patrick Hayes and Reed Letsinger and Vladimir Lifschitz and Robert Macgregor and John Mccarthy and Peter Norvig and Ramesh Patil},
    title = {Knowledge Interchange Format Version 3.0 Reference Manual},
    year = {1992}
}
